%YAML 1.1
%TAG !u! tag:unity3d.com,2011:
--- !u!1 &5975056242837203752
GameObject:
  m_ObjectHideFlags: 0
  m_CorrespondingSourceObject: {fileID: 0}
  m_PrefabInstance: {fileID: 0}
  m_PrefabAsset: {fileID: 0}
  serializedVersion: 6
  m_Component:
  - component: {fileID: 5975056242837203753}
  - component: {fileID: 1530006939}
  - component: {fileID: 3527818356424170835}
  m_Layer: 0
  m_Name: ObstacleRoot
  m_TagString: Untagged
  m_Icon: {fileID: 0}
  m_NavMeshLayer: 0
  m_StaticEditorFlags: 0
  m_IsActive: 1
--- !u!4 &5975056242837203753
Transform:
  m_ObjectHideFlags: 0
  m_CorrespondingSourceObject: {fileID: 0}
  m_PrefabInstance: {fileID: 0}
  m_PrefabAsset: {fileID: 0}
  m_GameObject: {fileID: 5975056242837203752}
  m_LocalRotation: {x: 0, y: 0, z: 0, w: 1}
  m_LocalPosition: {x: 0, y: 0, z: 0}
  m_LocalScale: {x: 1, y: 1, z: 1}
  m_Children:
  - {fileID: 8495523349118036813}
  - {fileID: 8495523349358646443}
  - {fileID: 8495523350927995271}
  - {fileID: 8495523349118483033}
  - {fileID: 8495523350210338296}
  - {fileID: 8495523350363704798}
  m_Father: {fileID: 0}
  m_RootOrder: 0
  m_LocalEulerAnglesHint: {x: 0, y: 0, z: 0}
--- !u!114 &1530006939
MonoBehaviour:
  m_ObjectHideFlags: 0
  m_CorrespondingSourceObject: {fileID: 0}
  m_PrefabInstance: {fileID: 0}
  m_PrefabAsset: {fileID: 0}
  m_GameObject: {fileID: 5975056242837203752}
  m_Enabled: 1
  m_EditorHideFlags: 0
  m_Script: {fileID: 11500000, guid: e02051d34a1d01e48b1659c3a582070c, type: 3}
  m_Name: 
  m_EditorClassIdentifier: 
--- !u!114 &3527818356424170835
MonoBehaviour:
  m_ObjectHideFlags: 0
  m_CorrespondingSourceObject: {fileID: 0}
  m_PrefabInstance: {fileID: 0}
  m_PrefabAsset: {fileID: 0}
  m_GameObject: {fileID: 5975056242837203752}
  m_Enabled: 1
  m_EditorHideFlags: 0
  m_Script: {fileID: 11500000, guid: 31e1a6d7ff2c45f459fb74eb83a5fac2, type: 3}
  m_Name: 
  m_EditorClassIdentifier: 
--- !u!1001 &5975056241200869807
PrefabInstance:
  m_ObjectHideFlags: 0
  serializedVersion: 2
  m_Modification:
    m_TransformParent: {fileID: 5975056242837203753}
    m_Modifications:
    - target: {fileID: 2814046661513003048, guid: 5efabe6d425cb7e49be93908009beeee, type: 3}
      propertyPath: m_RootOrder
      value: 2
      objectReference: {fileID: 0}
    - target: {fileID: 2814046661513003048, guid: 5efabe6d425cb7e49be93908009beeee, type: 3}
      propertyPath: m_LocalPosition.x
      value: -2.38
      objectReference: {fileID: 0}
    - target: {fileID: 2814046661513003048, guid: 5efabe6d425cb7e49be93908009beeee, type: 3}
      propertyPath: m_LocalPosition.y
      value: 1.17
      objectReference: {fileID: 0}
    - target: {fileID: 2814046661513003048, guid: 5efabe6d425cb7e49be93908009beeee, type: 3}
      propertyPath: m_LocalPosition.z
      value: 1
      objectReference: {fileID: 0}
    - target: {fileID: 2814046661513003048, guid: 5efabe6d425cb7e49be93908009beeee, type: 3}
      propertyPath: m_LocalRotation.w
      value: 1
      objectReference: {fileID: 0}
    - target: {fileID: 2814046661513003048, guid: 5efabe6d425cb7e49be93908009beeee, type: 3}
      propertyPath: m_LocalRotation.x
      value: -0
      objectReference: {fileID: 0}
    - target: {fileID: 2814046661513003048, guid: 5efabe6d425cb7e49be93908009beeee, type: 3}
      propertyPath: m_LocalRotation.y
      value: -0
      objectReference: {fileID: 0}
    - target: {fileID: 2814046661513003048, guid: 5efabe6d425cb7e49be93908009beeee, type: 3}
      propertyPath: m_LocalRotation.z
      value: -0
      objectReference: {fileID: 0}
    - target: {fileID: 2814046661513003048, guid: 5efabe6d425cb7e49be93908009beeee, type: 3}
      propertyPath: m_LocalEulerAnglesHint.x
      value: 0
      objectReference: {fileID: 0}
    - target: {fileID: 2814046661513003048, guid: 5efabe6d425cb7e49be93908009beeee, type: 3}
      propertyPath: m_LocalEulerAnglesHint.y
      value: 0
      objectReference: {fileID: 0}
    - target: {fileID: 2814046661513003048, guid: 5efabe6d425cb7e49be93908009beeee, type: 3}
      propertyPath: m_LocalEulerAnglesHint.z
      value: 0
      objectReference: {fileID: 0}
    - target: {fileID: 2814046661513003051, guid: 5efabe6d425cb7e49be93908009beeee, type: 3}
      propertyPath: m_Name
      value: Obstacle (2)
      objectReference: {fileID: 0}
    m_RemovedComponents: []
  m_SourcePrefab: {fileID: 100100000, guid: 5efabe6d425cb7e49be93908009beeee, type: 3}
--- !u!4 &8495523350927995271 stripped
Transform:
  m_CorrespondingSourceObject: {fileID: 2814046661513003048, guid: 5efabe6d425cb7e49be93908009beeee, type: 3}
  m_PrefabInstance: {fileID: 5975056241200869807}
  m_PrefabAsset: {fileID: 0}
--- !u!1001 &5975056241971187190
PrefabInstance:
  m_ObjectHideFlags: 0
  serializedVersion: 2
  m_Modification:
    m_TransformParent: {fileID: 5975056242837203753}
    m_Modifications:
    - target: {fileID: 2814046661513003048, guid: 5efabe6d425cb7e49be93908009beeee, type: 3}
      propertyPath: m_RootOrder
      value: 5
      objectReference: {fileID: 0}
    - target: {fileID: 2814046661513003048, guid: 5efabe6d425cb7e49be93908009beeee, type: 3}
      propertyPath: m_LocalPosition.x
      value: -2.1
      objectReference: {fileID: 0}
    - target: {fileID: 2814046661513003048, guid: 5efabe6d425cb7e49be93908009beeee, type: 3}
      propertyPath: m_LocalPosition.y
      value: 4.88
      objectReference: {fileID: 0}
    - target: {fileID: 2814046661513003048, guid: 5efabe6d425cb7e49be93908009beeee, type: 3}
      propertyPath: m_LocalPosition.z
      value: 1
      objectReference: {fileID: 0}
    - target: {fileID: 2814046661513003048, guid: 5efabe6d425cb7e49be93908009beeee, type: 3}
      propertyPath: m_LocalRotation.w
      value: 1
      objectReference: {fileID: 0}
    - target: {fileID: 2814046661513003048, guid: 5efabe6d425cb7e49be93908009beeee, type: 3}
      propertyPath: m_LocalRotation.x
      value: -0
      objectReference: {fileID: 0}
    - target: {fileID: 2814046661513003048, guid: 5efabe6d425cb7e49be93908009beeee, type: 3}
      propertyPath: m_LocalRotation.y
      value: -0
      objectReference: {fileID: 0}
    - target: {fileID: 2814046661513003048, guid: 5efabe6d425cb7e49be93908009beeee, type: 3}
      propertyPath: m_LocalRotation.z
      value: -0
      objectReference: {fileID: 0}
    - target: {fileID: 2814046661513003048, guid: 5efabe6d425cb7e49be93908009beeee, type: 3}
      propertyPath: m_LocalEulerAnglesHint.x
      value: 0
      objectReference: {fileID: 0}
    - target: {fileID: 2814046661513003048, guid: 5efabe6d425cb7e49be93908009beeee, type: 3}
      propertyPath: m_LocalEulerAnglesHint.y
      value: 0
      objectReference: {fileID: 0}
    - target: {fileID: 2814046661513003048, guid: 5efabe6d425cb7e49be93908009beeee, type: 3}
      propertyPath: m_LocalEulerAnglesHint.z
      value: 0
      objectReference: {fileID: 0}
    - target: {fileID: 2814046661513003051, guid: 5efabe6d425cb7e49be93908009beeee, type: 3}
      propertyPath: m_Name
      value: Obstacle (5)
      objectReference: {fileID: 0}
    m_RemovedComponents: []
  m_SourcePrefab: {fileID: 100100000, guid: 5efabe6d425cb7e49be93908009beeee, type: 3}
--- !u!4 &8495523350363704798 stripped
Transform:
  m_CorrespondingSourceObject: {fileID: 2814046661513003048, guid: 5efabe6d425cb7e49be93908009beeee, type: 3}
  m_PrefabInstance: {fileID: 5975056241971187190}
  m_PrefabAsset: {fileID: 0}
--- !u!1001 &5975056242086354384
PrefabInstance:
  m_ObjectHideFlags: 0
  serializedVersion: 2
  m_Modification:
    m_TransformParent: {fileID: 5975056242837203753}
    m_Modifications:
    - target: {fileID: 2814046661513003048, guid: 5efabe6d425cb7e49be93908009beeee, type: 3}
      propertyPath: m_RootOrder
      value: 4
      objectReference: {fileID: 0}
    - target: {fileID: 2814046661513003048, guid: 5efabe6d425cb7e49be93908009beeee, type: 3}
      propertyPath: m_LocalPosition.x
      value: -2.1
      objectReference: {fileID: 0}
    - target: {fileID: 2814046661513003048, guid: 5efabe6d425cb7e49be93908009beeee, type: 3}
      propertyPath: m_LocalPosition.y
      value: 4.88
      objectReference: {fileID: 0}
    - target: {fileID: 2814046661513003048, guid: 5efabe6d425cb7e49be93908009beeee, type: 3}
      propertyPath: m_LocalPosition.z
      value: 1
      objectReference: {fileID: 0}
    - target: {fileID: 2814046661513003048, guid: 5efabe6d425cb7e49be93908009beeee, type: 3}
      propertyPath: m_LocalRotation.w
      value: 1
      objectReference: {fileID: 0}
    - target: {fileID: 2814046661513003048, guid: 5efabe6d425cb7e49be93908009beeee, type: 3}
      propertyPath: m_LocalRotation.x
      value: -0
      objectReference: {fileID: 0}
    - target: {fileID: 2814046661513003048, guid: 5efabe6d425cb7e49be93908009beeee, type: 3}
      propertyPath: m_LocalRotation.y
      value: -0
      objectReference: {fileID: 0}
    - target: {fileID: 2814046661513003048, guid: 5efabe6d425cb7e49be93908009beeee, type: 3}
      propertyPath: m_LocalRotation.z
      value: -0
      objectReference: {fileID: 0}
    - target: {fileID: 2814046661513003048, guid: 5efabe6d425cb7e49be93908009beeee, type: 3}
      propertyPath: m_LocalEulerAnglesHint.x
      value: 0
      objectReference: {fileID: 0}
    - target: {fileID: 2814046661513003048, guid: 5efabe6d425cb7e49be93908009beeee, type: 3}
      propertyPath: m_LocalEulerAnglesHint.y
      value: 0
      objectReference: {fileID: 0}
    - target: {fileID: 2814046661513003048, guid: 5efabe6d425cb7e49be93908009beeee, type: 3}
      propertyPath: m_LocalEulerAnglesHint.z
      value: 0
      objectReference: {fileID: 0}
    - target: {fileID: 2814046661513003051, guid: 5efabe6d425cb7e49be93908009beeee, type: 3}
      propertyPath: m_Name
      value: Obstacle (4)
      objectReference: {fileID: 0}
    m_RemovedComponents: []
  m_SourcePrefab: {fileID: 100100000, guid: 5efabe6d425cb7e49be93908009beeee, type: 3}
--- !u!4 &8495523350210338296 stripped
Transform:
  m_CorrespondingSourceObject: {fileID: 2814046661513003048, guid: 5efabe6d425cb7e49be93908009beeee, type: 3}
  m_PrefabInstance: {fileID: 5975056242086354384}
  m_PrefabAsset: {fileID: 0}
--- !u!1001 &5975056242837836931
PrefabInstance:
  m_ObjectHideFlags: 0
  serializedVersion: 2
  m_Modification:
    m_TransformParent: {fileID: 5975056242837203753}
    m_Modifications:
    - target: {fileID: 2814046661513003048, guid: 5efabe6d425cb7e49be93908009beeee, type: 3}
      propertyPath: m_RootOrder
      value: 1
      objectReference: {fileID: 0}
    - target: {fileID: 2814046661513003048, guid: 5efabe6d425cb7e49be93908009beeee, type: 3}
      propertyPath: m_LocalPosition.x
      value: 2.1
      objectReference: {fileID: 0}
    - target: {fileID: 2814046661513003048, guid: 5efabe6d425cb7e49be93908009beeee, type: 3}
      propertyPath: m_LocalPosition.y
      value: -1.23
      objectReference: {fileID: 0}
    - target: {fileID: 2814046661513003048, guid: 5efabe6d425cb7e49be93908009beeee, type: 3}
      propertyPath: m_LocalPosition.z
      value: 1
      objectReference: {fileID: 0}
    - target: {fileID: 2814046661513003048, guid: 5efabe6d425cb7e49be93908009beeee, type: 3}
      propertyPath: m_LocalRotation.w
      value: 1
      objectReference: {fileID: 0}
    - target: {fileID: 2814046661513003048, guid: 5efabe6d425cb7e49be93908009beeee, type: 3}
      propertyPath: m_LocalRotation.x
      value: -0
      objectReference: {fileID: 0}
    - target: {fileID: 2814046661513003048, guid: 5efabe6d425cb7e49be93908009beeee, type: 3}
      propertyPath: m_LocalRotation.y
      value: -0
      objectReference: {fileID: 0}
    - target: {fileID: 2814046661513003048, guid: 5efabe6d425cb7e49be93908009beeee, type: 3}
      propertyPath: m_LocalRotation.z
      value: -0
      objectReference: {fileID: 0}
    - target: {fileID: 2814046661513003048, guid: 5efabe6d425cb7e49be93908009beeee, type: 3}
      propertyPath: m_LocalEulerAnglesHint.x
      value: 0
      objectReference: {fileID: 0}
    - target: {fileID: 2814046661513003048, guid: 5efabe6d425cb7e49be93908009beeee, type: 3}
      propertyPath: m_LocalEulerAnglesHint.y
      value: 0
      objectReference: {fileID: 0}
    - target: {fileID: 2814046661513003048, guid: 5efabe6d425cb7e49be93908009beeee, type: 3}
      propertyPath: m_LocalEulerAnglesHint.z
      value: 0
      objectReference: {fileID: 0}
    - target: {fileID: 2814046661513003051, guid: 5efabe6d425cb7e49be93908009beeee, type: 3}
      propertyPath: m_Name
      value: Obstacle (1)
      objectReference: {fileID: 0}
    m_RemovedComponents: []
  m_SourcePrefab: {fileID: 100100000, guid: 5efabe6d425cb7e49be93908009beeee, type: 3}
--- !u!4 &8495523349358646443 stripped
Transform:
  m_CorrespondingSourceObject: {fileID: 2814046661513003048, guid: 5efabe6d425cb7e49be93908009beeee, type: 3}
  m_PrefabInstance: {fileID: 5975056242837836931}
  m_PrefabAsset: {fileID: 0}
--- !u!1001 &5975056243149322865
PrefabInstance:
  m_ObjectHideFlags: 0
  serializedVersion: 2
  m_Modification:
    m_TransformParent: {fileID: 5975056242837203753}
    m_Modifications:
    - target: {fileID: 2814046661513003048, guid: 5efabe6d425cb7e49be93908009beeee, type: 3}
      propertyPath: m_RootOrder
      value: 3
      objectReference: {fileID: 0}
    - target: {fileID: 2814046661513003048, guid: 5efabe6d425cb7e49be93908009beeee, type: 3}
      propertyPath: m_LocalPosition.x
      value: 2.26
      objectReference: {fileID: 0}
    - target: {fileID: 2814046661513003048, guid: 5efabe6d425cb7e49be93908009beeee, type: 3}
      propertyPath: m_LocalPosition.y
      value: 3.43
      objectReference: {fileID: 0}
    - target: {fileID: 2814046661513003048, guid: 5efabe6d425cb7e49be93908009beeee, type: 3}
      propertyPath: m_LocalPosition.z
      value: 1
      objectReference: {fileID: 0}
    - target: {fileID: 2814046661513003048, guid: 5efabe6d425cb7e49be93908009beeee, type: 3}
      propertyPath: m_LocalRotation.w
      value: 1
      objectReference: {fileID: 0}
    - target: {fileID: 2814046661513003048, guid: 5efabe6d425cb7e49be93908009beeee, type: 3}
      propertyPath: m_LocalRotation.x
      value: -0
      objectReference: {fileID: 0}
    - target: {fileID: 2814046661513003048, guid: 5efabe6d425cb7e49be93908009beeee, type: 3}
      propertyPath: m_LocalRotation.y
      value: -0
      objectReference: {fileID: 0}
    - target: {fileID: 2814046661513003048, guid: 5efabe6d425cb7e49be93908009beeee, type: 3}
      propertyPath: m_LocalRotation.z
      value: -0
      objectReference: {fileID: 0}
    - target: {fileID: 2814046661513003048, guid: 5efabe6d425cb7e49be93908009beeee, type: 3}
      propertyPath: m_LocalEulerAnglesHint.x
      value: 0
      objectReference: {fileID: 0}
    - target: {fileID: 2814046661513003048, guid: 5efabe6d425cb7e49be93908009beeee, type: 3}
      propertyPath: m_LocalEulerAnglesHint.y
      value: 0
      objectReference: {fileID: 0}
    - target: {fileID: 2814046661513003048, guid: 5efabe6d425cb7e49be93908009beeee, type: 3}
      propertyPath: m_LocalEulerAnglesHint.z
      value: 0
      objectReference: {fileID: 0}
    - target: {fileID: 2814046661513003051, guid: 5efabe6d425cb7e49be93908009beeee, type: 3}
      propertyPath: m_Name
      value: Obstacle (3)
      objectReference: {fileID: 0}
    m_RemovedComponents: []
  m_SourcePrefab: {fileID: 100100000, guid: 5efabe6d425cb7e49be93908009beeee, type: 3}
--- !u!4 &8495523349118483033 stripped
Transform:
  m_CorrespondingSourceObject: {fileID: 2814046661513003048, guid: 5efabe6d425cb7e49be93908009beeee, type: 3}
  m_PrefabInstance: {fileID: 5975056243149322865}
  m_PrefabAsset: {fileID: 0}
--- !u!1001 &5975056243149826917
PrefabInstance:
  m_ObjectHideFlags: 0
  serializedVersion: 2
  m_Modification:
    m_TransformParent: {fileID: 5975056242837203753}
    m_Modifications:
    - target: {fileID: 2814046661513003048, guid: 5efabe6d425cb7e49be93908009beeee, type: 3}
      propertyPath: m_RootOrder
      value: 0
      objectReference: {fileID: 0}
    - target: {fileID: 2814046661513003048, guid: 5efabe6d425cb7e49be93908009beeee, type: 3}
      propertyPath: m_LocalPosition.x
      value: 0
      objectReference: {fileID: 0}
    - target: {fileID: 2814046661513003048, guid: 5efabe6d425cb7e49be93908009beeee, type: 3}
      propertyPath: m_LocalPosition.y
      value: -4
      objectReference: {fileID: 0}
    - target: {fileID: 2814046661513003048, guid: 5efabe6d425cb7e49be93908009beeee, type: 3}
      propertyPath: m_LocalPosition.z
      value: 1
      objectReference: {fileID: 0}
    - target: {fileID: 2814046661513003048, guid: 5efabe6d425cb7e49be93908009beeee, type: 3}
      propertyPath: m_LocalRotation.w
      value: 1
      objectReference: {fileID: 0}
    - target: {fileID: 2814046661513003048, guid: 5efabe6d425cb7e49be93908009beeee, type: 3}
      propertyPath: m_LocalRotation.x
      value: -0
      objectReference: {fileID: 0}
    - target: {fileID: 2814046661513003048, guid: 5efabe6d425cb7e49be93908009beeee, type: 3}
      propertyPath: m_LocalRotation.y
      value: -0
      objectReference: {fileID: 0}
    - target: {fileID: 2814046661513003048, guid: 5efabe6d425cb7e49be93908009beeee, type: 3}
      propertyPath: m_LocalRotation.z
      value: -0
      objectReference: {fileID: 0}
    - target: {fileID: 2814046661513003048, guid: 5efabe6d425cb7e49be93908009beeee, type: 3}
      propertyPath: m_LocalEulerAnglesHint.x
      value: 0
      objectReference: {fileID: 0}
    - target: {fileID: 2814046661513003048, guid: 5efabe6d425cb7e49be93908009beeee, type: 3}
      propertyPath: m_LocalEulerAnglesHint.y
      value: 0
      objectReference: {fileID: 0}
    - target: {fileID: 2814046661513003048, guid: 5efabe6d425cb7e49be93908009beeee, type: 3}
      propertyPath: m_LocalEulerAnglesHint.z
      value: 0
      objectReference: {fileID: 0}
    - target: {fileID: 2814046661513003051, guid: 5efabe6d425cb7e49be93908009beeee, type: 3}
      propertyPath: m_Name
      value: Obstacle
      objectReference: {fileID: 0}
    m_RemovedComponents: []
  m_SourcePrefab: {fileID: 100100000, guid: 5efabe6d425cb7e49be93908009beeee, type: 3}
--- !u!4 &8495523349118036813 stripped
Transform:
  m_CorrespondingSourceObject: {fileID: 2814046661513003048, guid: 5efabe6d425cb7e49be93908009beeee, type: 3}
  m_PrefabInstance: {fileID: 5975056243149826917}
  m_PrefabAsset: {fileID: 0}
